<?xml version="1.0" encoding="UTF-8"?><collection xmlns="http://www.loc.gov/MARC21/slim"><record><leader>00477nam--2200169-i-4500</leader><controlfield tag="001">000039009</controlfield><controlfield tag="002">20161230</controlfield><controlfield tag="005">20161230201042</controlfield><controlfield tag="008">060222s1000------------r-----000-0-eng-d</controlfield><datafield ind1=" " ind2=" " tag="040"><subfield code="a">IFIN-HH</subfield></datafield><datafield ind1=" " ind2=" " tag="080"><subfield code="a">533.9.16</subfield></datafield><datafield ind1="1" ind2=" " tag="100"><subfield code="a">Rye, B.J</subfield></datafield><datafield ind1="1" ind2="0" tag="245"><subfield code="a">Physics of Hot Plasmas</subfield><subfield code="b">Scottish Universities' Summer School 1968</subfield><subfield code="c">B.J. Rye, J.C. Taylor (Eds.)</subfield></datafield><datafield ind1=" " ind2=" " tag="260"><subfield code="a">Edinburgh</subfield><subfield code="b">Oliver &amp; Boyd</subfield><subfield code="c">1970</subfield></datafield><datafield ind1="1" ind2=" " tag="700"><subfield code="a">Taylor, J.C</subfield></datafield><datafield ind1=" " ind2=" " tag="852"><subfield code="a">77265</subfield><subfield code="c">533.9</subfield></datafield><datafield ind1=" " ind2=" " tag="CAT"><subfield code="a">Sys</subfield><subfield code="c">20101003</subfield><subfield code="h">151254</subfield></datafield></record></collection>